%%%%%%%%%%%%%%%%%%%%%%%%%%%%%%%%%%%%%%%%%%%%%%%%%%%%%%%%%%%%%%%%%%%%%%%%%%%%%%%%%%%%%
%%% ASP
%%%%%%%%%%%%%%%%%%%%%%%%%%%%%%%%%%%%%%%%%%%%%%%%%%%%%%%%%%%%%%%%%%%%%%%%%%%%%%%%%%%%%
@book{Baral03:cambridge,
  author    = {Chitta Baral},
  title     = {Knowledge Representation, Reasoning and Declarative Problem Solving},
  publisher = {Cambridge University Press},
  year      = {2003}
}

@inproceedings{Gelfond88:iclp,
  author    = {Michael Gelfond and Vladimir Lifschitz},
  title     = {The Stable Model Semantics for Logic Programming},
  booktitle = {Proceedings of the Fifth International Conference and Symposium on Logic Programming},
  year      = {1988},
  pages     = {1070--1080},
  publisher = {MIT Press}
}

@article{Niemela99:amai,
  author    = {Ilkka Niemel{\"a}},
  title     = {Logic Programs with Stable Model Semantics as a Constraint Programming Paradigm},
  journal   = {Ann.\ Mathematics and Artificial Intelligence},
  volume    = {25},
  number    = {3--4},
  year      = {1999},
  pages     = {241--273}
}

@article{Inoue08:jssst,
  author    = {井上 克巳 and 坂間 千秋},
  title     = {論理プログラミングから解集合プログラミングへ},
  journal   = {コンピュータソフトウェア},
  year      = {2008},
  volume    = {25},
  pages     = {20--32},
  number    = {3},
  timestamp = {2009.11.05},
  yomi      = {Katsumi Inoue and Chiaki Sakama}
}

@Article{ergele16a,
  author =	 "E. Erdem and M. Gelfond and N. Leone",
  title =	 "Applications of {ASP}",
  journal =	 "AI Magazine",
  volume =	 37,
  number =	 3,
  year =	 2016,
  pages =	 "53-68"
}

@article{anor/Banbara2019,
  author    = {Mutsunori Banbara and
               Katsumi Inoue and 
               Benjamin Kaufmann and
	       Tenda Okimoto and
               Torsten Schaub and
               Takehide Soh and 
               Naoyuki Tamura and 
               Philipp Wanko},
  title     = {teaspoon: Solving the Curriculum-Based Course Timetabling Problems
               with Answer Set Programming},
  journal   = {Annals of Operations Research},
  volume    = {275},
  number    = {1},
  year      = {2019},
  pages     = {3–37},
  ee        = {https://doi.org/10.1007/s10479-018-2757-7},
  publisher = {Springer}
}


%%%%%%%%%%%%%%%%%%%%%%%%%%%%%%%%%%%%%%%%%%%%%%%%%%%%%%%%%%%%%%%%%%%%%%%%%%%%%%%%%%%%%
%%% SAT
%%%%%%%%%%%%%%%%%%%%%%%%%%%%%%%%%%%%%%%%%%%%%%%%%%%%%%%%%%%%%%%%%%%%%%%%%%%%%%%%%%%%%
@Book{Knuth:TAOCP:SAT,
  Title                    = {The Art of Computer Programming: Satisfiability},
  Author                   = {Donald E. Knuth},
  Publisher                = {Addison-Wesley Professional},
  Year                     = {2015},
  Volume                   = {4, Fascicle 6}
}



