%%%%%%%%%%%%%%%%%%%%%%%%%%%%%%%%%%%%%%%%%%%%%%%%%%%%%%%%%%%%%%%%%%%%%%%%%%%%%%%%%%%%%
%%% ASP
%%%%%%%%%%%%%%%%%%%%%%%%%%%%%%%%%%%%%%%%%%%%%%%%%%%%%%%%%%%%%%%%%%%%%%%%%%%%%%%%%%%%%
@book{Baral03:cambridge,
  author    = {Chitta Baral},
  title     = {Knowledge Representation, Reasoning and Declarative Problem Solving},
  publisher = {Cambridge University Press},
  year      = {2003}
}

@inproceedings{Gelfond88:iclp,
  author    = {Michael Gelfond and Vladimir Lifschitz},
  title     = {The Stable Model Semantics for Logic Programming},
  booktitle = {Proceedings of the Fifth International Conference and Symposium on Logic Programming},
  year      = {1988},
  pages     = {1070--1080},
  publisher = {MIT Press}
}

@article{Niemela99:amai,
  author    = {Ilkka Niemel{\"a}},
  title     = {Logic Programs with Stable Model Semantics as a Constraint Programming Paradigm},
  journal   = {Ann.\ Mathematics and Artificial Intelligence},
  volume    = {25},
  number    = {3--4},
  year      = {1999},
  pages     = {241--273}
}

@article{Inoue08:jssst,
  author    = {井上 克巳 and 坂間 千秋},
  title     = {論理プログラミングから解集合プログラミングへ},
  journal   = {コンピュータソフトウェア},
  year      = {2008},
  volume    = {25},
  pages     = {20--32},
  number    = {3},
  timestamp = {2009.11.05},
  yomi      = {Katsumi Inoue and Chiaki Sakama}
}

%%%%%%%%%%%%%%%%%%%%%%%%%%%%%%%%%%%%%%%%%%%%

@article{hayama19:kobe,
  author    = {坡山 直樹},
  title     = {解集合プログラミングを用いた時間割問題の解法に関する研究},
  year      = {2019},
  yomi      = {Naoki Hayama},
  publisher = {Kobe University Press}
}

@article{banbara17:ramp,
  author    = {Mutsunori Banbara, Katsumi Inoue, Benjamin Kaufmann, Torsten Schaub, Takehide Soh, Naoyuki Tamura, and Philipp Wanko},
  title     = {Curriculum-Based Course Timetabling with Answer Set Programming},
  journal   = {Proceedings of the Twenty-Ninth RAMP Symposium University of Tsukuba and Ibaraki},
  year      = {2017},
}

@article{kiefer16:patat,
  author    = {Alexander Kiefer, Richard F. Hartl, Alexander Schnell},
  title     = {Adaptive large neighborhood search for the curriculum-based course timetabling problem},
  journal   = {Ann. Oper Res 2017},
  year      = {2016},
  pages     = {255--282},
  publisher = {Springer Science and Business Media New York 2016}
}


%%%%%%%%%%%%%%%%%%%%%%%%%%%%%%%%%%%%%%%%%%%%

%%%%%%%%%%%%%%%%%%%%%%%%%%%%%%%%%%%%%%%%%%%%%%%%%%%%%%%%%%%%%%%%%%%%%%%%%%%%%%%%%%%%%
%%% ASP
%%%%%%%%%%%%%%%%%%%%%%%%%%%%%%%%%%%%%%%%%%%%%%%%%%%%%%%%%%%%%%%%%%%%%%%%%%%%%%%%%%%%%
@Book{Knuth:TAOCP:SAT,
  Title                    = {Satisfiability},
  Author                   = {Donald E. Knuth},
  Publisher                = {Addison-Wesley Professional},
  Year                     = {2015},
  Series                   = {The Art of Computer Programming},
  Volume                   = {4, Fascicle 6}
}
