%%%%%%%%%%%%%%%%%%%%%%%%%%%%%%%%%%%%%%%%%%%%%%%%%%%%%%%%%%%%%%%%%%%%%%%%%%%%%%%%%%%%%
%%% ハミルトン閉路問題関係
%%%%%%%%%%%%%%%%%%%%%%%%%%%%%%%%%%%%%%%%%%%%%%%%%%%%%%%%%%%%%%%%%%%%%%%%%%%%%%%%%%%%%
@inproceedings{comp20:Minato,
  author     = {湊真一 and 番原睦則 and 堀山貴史 and 川原純 and 瀧川一学 and 山口勇太郎},
  title      = {コスト制約つき組合せ問題に対するZDDを用いた高速な解列挙手法},
  booktitle  = {信学技報},
  volume     = {120},
  number     = {276},
  pages      = {8--15},
  year       = {2020},
  publisher  = {電子情報通信学会},
  yomi       = {Shin-ichi Minato and Mutsunori Banbara and Takashi Horiyama and Jun Kawahara and Ichigaku Takigawa and Yutaro Yamaguchi}
}

@book{hirata15:book,
 author      = "平田 富夫",
 title       = "アルゴリズム設計とデータ構造",
 yomi        = "Tomio Hirata",
 publisher   = "サイエンス社",
 year        = 2015
}

@inproceedings{soh14:jelia2014,
  title     =  {Incremental SAT-based Method with Native Boolean Cardinality Handling for the Hamiltonian Cycle Problem},
  author    =  {Takehide Soh and Daniel Le Berre and St{\'e}phanie Roussel and Mutsunori Banbara and Naoyuki Tamura},
  booktitle =  {Proceedings of the 14th European Conference on Logics in Artificial Intelligence (JELIA 2014), LNAI 8761},
  pages     =  {684--693},
  year      =  {2014},
  publisher =  {Springer},
  doi       =  {10.1007/978-3-319-11558-0_52}
}                  
                  
@article{haythorpe19:fhcp,
  title     =  "FHCP challenge set: The first set of structurally difficult instances of the hamiltonian cycle problem",
  author    =  "Michael Haythorpe",
  year      =  "2018",
  volume    =  "83",
  pages     =  "98--107",
  journal   =  "Bulletin of the Institute of Combinatorics and its Applications",
  issn      =  "1183-1278",
  publisher = "The Institute of Combinatorics & Its Applications (ICA)"
}

%%%%%%%%%%%%%%%%%%%%%%%%%%%%%%%%%%%%%%%%%%%%%%%%%%%%%%%%%%%%%%%%%%%%%%%%%%%%%%%%%%%%%
%%% ASP
%%%%%%%%%%%%%%%%%%%%%%%%%%%%%%%%%%%%%%%%%%%%%%%%%%%%%%%%%%%%%%%%%%%%%%%%%%%%%%%%%%%%%
@inproceedings{gebser16:clingo5,
  title     = {Theory solving made easy with clingo 5},
  author    = {Martin Gebser and Roland Kaminski and Benjamin Kaufmann and Max Ostrowski and Torsten Schaub and Philipp Wanko},
  booktitle = {Technical Communications of the 32nd International Conference on Logic Programming (ICLP 2016)},
  year      = {2016},
  publisher = {Schloss Dagstuhl-Leibniz-Zentrum fuer Informatik}
}

@article{bomanson16:acyclicity,
  title     = {Answer set programming modulo acyclicity},
  author    = {Jori Bomanson and Martin Gebser and Tomi Janhunen and Benjamin Kaufmann and Torsten Schaub},
  journal   = {Fundamenta Informaticae},
  volume    = {147},
  number    = {1},
  pages     = {63--91},
  year      = {2016},
  publisher ={IOS Press}
}

@book{Baral03:cambridge,
  author    = {Chitta Baral},
  title     = {Knowledge Representation, Reasoning and Declarative Problem Solving},
  publisher = {Cambridge University Press},
  year      = {2003}
}

@inproceedings{Gelfond88:iclp,
  author    = {Michael Gelfond and Vladimir Lifschitz},
  title     = {The Stable Model Semantics for Logic Programming},
  booktitle = {Proceedings of the Fifth International Conference and Symposium on Logic Programming},
  year      = {1988},
  pages     = {1070--1080},
  publisher = {MIT Press}
}

@article{Niemela99:amai,
  author    = {Ilkka Niemel{\"a}},
  title     = {Logic Programs with Stable Model Semantics as a Constraint Programming Paradigm},
  journal   = {Ann.\ Mathematics and Artificial Intelligence},
  volume    = {25},
  number    = {3--4},
  year      = {1999},
  pages     = {241--273}
}

@article{Inoue08:jssst,
  author    = {井上 克巳 and 坂間 千秋},
  title     = {論理プログラミングから解集合プログラミングへ},
  journal   = {コンピュータソフトウェア},
  year      = {2008},
  volume    = {25},
  pages     = {20--32},
  number    = {3},
  timestamp = {2009.11.05},
  yomi      = {Katsumi Inoue and Chiaki Sakama}
}

%%%%%%%%%%%%%%%%%%%%%%%%%%%%%%%%%%%%%%%%%%%%%%%%%%%%%%%%%%%%%%%%%%%%%%%%%%%%%%%%%%%%%
%%% SAT
%%%%%%%%%%%%%%%%%%%%%%%%%%%%%%%%%%%%%%%%%%%%%%%%%%%%%%%%%%%%%%%%%%%%%%%%%%%%%%%%%%%%%
@Book{Knuth:TAOCP:SAT,
  title                    = {The Art of Computer Programming: Satisfiability},
  author                   = {Donald E. Knuth},
  publisher                = {Addison-Wesley Professional},
  year                     = {2015},
  volume                   = {4, Fascicle 6}
}

@Book{Knuth:TAOCP:BDD,
  title                    = {The Art of Computer Programming: Bitwise Tricks \& Techniques; Binary Decision Diagrams},
  author                   = {Donald E. Knuth},
  publisher                = {Addison-Wesley Professional},
  volume                   = {4, Fascicle 1},
  year                     = {2009}
}
