@incollection{DBLP:reference/fai/HoeveK06,
  author    = {Willem{-}Jan van Hoeve and
               Irit Katriel},
  title     = {Global Constraints},
  booktitle = {Handbook of Constraint Programming},
  pages     = {169--208},
  year      = {2006},
  xxcrossref  = {DBLP:reference/fai/2},
  xxurl       = {https://doi.org/10.1016/S1574-6526(06)80010-6},
  xxdoi       = {10.1016/S1574-6526(06)80010-6},
  timestamp = {Wed, 12 Jul 2017 09:11:48 +0200},
  biburl    = {https://dblp.org/rec/bib/reference/fai/HoeveK06},
  bibsource = {dblp computer science bibliography, https://dblp.org},
  publisher = {Elsevier Science}
}
