@book{Baral03:cambridge,
  author    = {Chitta Baral},
  title     = {Knowledge Representation, Reasoning and Declarative Problem Solving},
  publisher = {Cambridge University Press},
  year      = {2003}
}

@inproceedings{Gelfond88:iclp,
  author    = {Michael Gelfond and Vladimir Lifschitz},
  title     = {The Stable Model Semantics for Logic Programming},
  booktitle = {Proceedings of the Fifth International Conference and Symposium on Logic Programming},
  year      = {1988},
  pages     = {1070--1080},
  publisher = {MIT Press}
}

@article{Niemela99:amai,
  author    = {Ilkka Niemel{\"a}},
  title     = {Logic Programs with Stable Model Semantics as a Constraint Programming Paradigm},
  journal   = {Ann.\ Mathematics and Artificial Intelligence},
  volume    = {25},
  number    = {3--4},
  year      = {1999},
  pages     = {241--273}
}

@article{Inoue08:jssst,
  author    = {井上 克巳 and 坂間 千秋},
  title     = {論理プログラミングから解集合プログラミングへ},
  journal   = {コンピュータソフトウェア},
  year      = {2008},
  volume    = {25},
  pages     = {20--32},
  number    = {3},
  timestamp = {2009.11.05},
  yomi      = {Katsumi Inoue and Chiaki Sakama}
}

@article{Erdem16:ai-magazine,
  author	= {E. Erdem and M. Gelfond and N. Leone},
  title	        = {Applications of ASP},
  journal	= {AI Magazine},
  year	        = {2016},
  volume	= {37},
  pages	        = {53--68},
  number	= {3}
}

@book{Pohl05:sple,
  author    = {Klaus Pohl and G\"{u}nter B\"{o}ckle and Frank van der Linden},
  title     = {Software Product Line Engineering},
  publisher = {Springer},
  year      = {2005}
}

@conference{mlit18:cafe,
  author    = {国土交通省},
  title     = {乗用車燃費規制の現状と論点について},
  booktitle = {第5回自動車燃費基準小委員会資料},
  year      = {2018},
  publisher = {交通政策審議会 陸上交通分科会自動車部会},
  yomi      = {Kokudokotsusho},
  note      = {\url{https://www.mlit.go.jp/common/001224511.pdf}}
}

@inproceedings{Brewka15:casp,
  author = {Brewka, Gerhard and Delgrande, James P. and Romero, Javier and Schaub, Torsten},
  title = {asprin: Customizing Answer Set Preferences without a Headache},
  booktitle = {{AAAI}},
  pages = {1467--1474},
  publisher = {{AAAI} Press},
  year = {2015}
}

@inproceedings{Takeuchi20:jssst,
  author    = {竹内 頼人 and 田村 直之 and 番原 睦則},
  title     = {車両装備仕様問題に対する解集合プログラミングの適用},
  booktitle = {日本ソフトウェア科学会第37回大会講演論文集},
  pages     = {49-L},
  publisher = {日本ソフトウェア科学会},
  year      = {2020},
  yomi      = {Raito Takeuchi and Naoyuki Tamura and Mutsunori Banbara}
}
