%%%%%%%%%%%%%%%%%%%%%%%%%%%%%%%%%%%%%%%%%%%%%%%%%%%%%%%%%%%%%%%%%%%%%%%%%%%%%%%%%%%%%
%%% CoRe
%%%%%%%%%%%%%%%%%%%%%%%%%%%%%%%%%%%%%%%%%%%%%%%%%%%%%%%%%%%%%%%%%%%%%%%%%%%%%%%%%%%%%
@incollection{core:Heuvel13,
  author    = {Jan van den Heuvel},
  editor    = {Simon R. Blackburn and
               Stefanie Gerke and
               Mark Wildon},
  title     = {The complexity of change},
  booktitle = {Surveys in Combinatorics 2013},
  series    = {London Mathematical Society Lecture Note Series},
  volume    = {409},
  pages     = {127--160},
  publisher = {Cambridge University Press},
  year      = {2013},
  url       = {https://doi.org/10.1017/CBO9781139506748.005},
  doi       = {10.1017/CBO9781139506748.005}
}

@article{core:Nishimura18,
  author    = {Naomi Nishimura},
  title     = {Introduction to Reconfiguration},
  journal   = {Algorithms},
  volume    = {11},
  number    = {4},
  pages     = {52},
  year      = {2018},
  url       = {https://doi.org/10.3390/a11040052},
  doi       = {10.3390/a11040052}
}

@article{core:ItoDHPSUU11,
  author    = {Takehiro Ito and
               Erik D. Demaine and
               Nicholas J. A. Harvey and
               Christos H. Papadimitriou and
               Martha Sideri and
               Ryuhei Uehara and
               Yushi Uno},
  title     = {On the complexity of reconfiguration problems},
  journal   = {Theoretical Computer Science},
  volume    = {412},
  number    = {12-14},
  pages     = {1054--1065},
  year      = {2011},
  url       = {https://doi.org/10.1016/j.tcs.2010.12.005},
  doi       = {10.1016/j.tcs.2010.12.005}
}

@article{core:sat:GopalanKMP09,
  author    = {Parikshit Gopalan and
               Phokion G. Kolaitis and
               Elitza N. Maneva and
               Christos H. Papadimitriou},
  title     = {The Connectivity of Boolean Satisfiability: Computational and Structural
               Dichotomies},
  journal   = {{SIAM} Journal on Computing},
  volume    = {38},
  number    = {6},
  pages     = {2330--2355},
  year      = {2009},
  url       = {https://doi.org/10.1137/07070440X},
  doi       = {10.1137/07070440X}
}

@article{core:gcp:CerecedaHJ11,
  author    = {Luis Cereceda and
               Jan van den Heuvel and
               Matthew Johnson},
  title     = {Finding paths between 3-colorings},
  journal   = {Journal of Graph Theory},
  volume    = {67},
  number    = {1},
  pages     = {69--82},
  year      = {2011},
  url       = {https://doi.org/10.1002/jgt.20514},
  doi       = {10.1002/jgt.20514}
}

@article{core:gcp:BonsmaC09,
  author    = {Paul S. Bonsma and
               Luis Cereceda},
  title     = {Finding Paths between graph colourings: PSPACE-completeness and superpolynomial
               distances},
  journal   = {Theoretical Computer Science},
  volume    = {410},
  number    = {50},
  pages     = {5215--5226},
  year      = {2009},
  url       = {https://doi.org/10.1016/j.tcs.2009.08.023},
  doi       = {10.1016/j.tcs.2009.08.023}
}

@article{Ito18:tohoku,
  author    = {伊藤 健洋},
  title     = {組合せ遷移への招待},
  journal   = {電子情報通信学会誌},
  year      = {2018},
  volume    = {101},
  pages     = {288-292},
  number    = {3},
  yomi      = {Takehiro Ito}
}

%%%%%%%%%%%%%%%%%%%%%%%%%%%%%%%%%%%%%%%%%%%%%%%%%%%%%%%%%%%%%%%%%%%%%%%%%%%%%%%%%%%%%
%%% ASP
%%%%%%%%%%%%%%%%%%%%%%%%%%%%%%%%%%%%%%%%%%%%%%%%%%%%%%%%%%%%%%%%%%%%%%%%%%%%%%%%%%%%%
@book{Baral03:cambridge,
  author    = {Chitta Baral},
  title     = {Knowledge Representation, Reasoning and Declarative Problem Solving},
  publisher = {Cambridge University Press},
  year      = {2003}
}

@inproceedings{Gelfond88:iclp,
  author    = {Michael Gelfond and Vladimir Lifschitz},
  title     = {The Stable Model Semantics for Logic Programming},
  booktitle = {Proceedings of the Fifth International Conference and Symposium on Logic Programming},
  year      = {1988},
  pages     = {1070--1080},
  publisher = {MIT Press}
}

@article{Niemela99:amai,
  author    = {Ilkka Niemel{\"a}},
  title     = {Logic Programs with Stable Model Semantics as a Constraint Programming Paradigm},
  journal   = {Ann.\ Mathematics and Artificial Intelligence},
  volume    = {25},
  number    = {3--4},
  year      = {1999},
  pages     = {241--273}
}

@article{Inoue08:jssst,
  author    = {井上 克巳 and 坂間 千秋},
  title     = {論理プログラミングから解集合プログラミングへ},
  journal   = {コンピュータソフトウェア},
  year      = {2008},
  volume    = {25},
  pages     = {20--32},
  number    = {3},
  timestamp = {2009.11.05},
  yomi      = {Katsumi Inoue and Chiaki Sakama}
}

@article{Erdem16:AI,
  author    = {E. Erdem and M. Gelfond and N. Leone},
  title     = {Applications of ASP},
  journal   = {AI Magazine},
  volume    = {37},
  number    = {3},
  year      = {2016},
  pages     = {53--68}
}

@article{GebserKKS19,
  author    = {Martin Gebser and
               Roland Kaminski and
               Benjamin Kaufmann and
               Torsten Schaub},
  title     = {Multi-shot {ASP} solving with clingo},
  journal   = {Theory and Practice of Logic Programming},
  volume    = {19},
  number    = {1},
  pages     = {27--82},
  year      = {2019},
  url       = {https://doi.org/10.1017/S1471068418000054},
  doi       = {10.1017/S1471068418000054}
}

%%%%%%%%%%%%%%%%%%%%%%%%%%%%%%%%%%%%%%%%%%%%%%%%%%%%%%%%%%%%%%%%%%%%%%%%%%%%%%%%%%%%%
%%% SAT
%%%%%%%%%%%%%%%%%%%%%%%%%%%%%%%%%%%%%%%%%%%%%%%%%%%%%%%%%%%%%%%%%%%%%%%%%%%%%%%%%%%%%
@Book{Knuth:TAOCP:SAT,
  Title                    = {Satisfiability},
  Author                   = {Donald E. Knuth},
  Publisher                = {Addison-Wesley Professional},
  Year                     = {2015},
  Series                   = {The Art of Computer Programming},
  Volume                   = {4, Fascicle 6}
}