%%%%%%%%%%%%%%%%%%%%%%%%%%%%%%%%%%%%%%%%%%%%%%%%%%%%%%%%%%%%%%%%%%%%%%%%%%%%%%%%%%%%%
%%% ASP
%%%%%%%%%%%%%%%%%%%%%%%%%%%%%%%%%%%%%%%%%%%%%%%%%%%%%%%%%%%%%%%%%%%%%%%%%%%%%%%%%%%%%
@book{Baral03:cambridge,
  author    = {Chitta Baral},
  title     = {Knowledge Representation, Reasoning and Declarative Problem Solving},
  publisher = {Cambridge University Press},
  year      = {2003}
}

@inproceedings{Gelfond88:iclp,
  author    = {Michael Gelfond and Vladimir Lifschitz},
  title     = {The Stable Model Semantics for Logic Programming},
  booktitle = {Proceedings of the Fifth International Conference and Symposium on Logic Programming},
  year      = {1988},
  pages     = {1070--1080},
  publisher = {MIT Press}
}

@article{Niemela99:amai,
  author    = {Ilkka Niemel{\"a}},
  title     = {Logic Programs with Stable Model Semantics as a Constraint Programming Paradigm},
  journal   = {Ann.\ Mathematics and Artificial Intelligence},
  volume    = {25},
  number    = {3--4},
  year      = {1999},
  pages     = {241--273}
}

@article{Inoue08:jssst,
  author    = {井上 克巳 and 坂間 千秋},
  title     = {論理プログラミングから解集合プログラミングへ},
  journal   = {コンピュータソフトウェア},
  year      = {2008},
  volume    = {25},
  pages     = {20--32},
  number    = {3},
  timestamp = {2009.11.05},
  yomi      = {Katsumi Inoue and Chiaki Sakama}
}

%%%%%%%%%%%%%%%%%%%%%%%%%%%%%%%%%%%%%%%%%%%%%%%%%%%%%%%%%%%%%%%%%%%%%%%%%%%%%%%%%%%%%
%%% SAT
%%%%%%%%%%%%%%%%%%%%%%%%%%%%%%%%%%%%%%%%%%%%%%%%%%%%%%%%%%%%%%%%%%%%%%%%%%%%%%%%%%%%%
@Book{Knuth:TAOCP:SAT,
  Title                    = {Satisfiability},
  Author                   = {Donald E. Knuth},
  Publisher                = {Addison-Wesley Professional},
  Year                     = {2015},
  Series                   = {The Art of Computer Programming},
  Volume                   = {4, Fascicle 6}
}

%%%%%%%%%%%%%%%%%%%%%%%%%%%%%%%%%%%%%%%%%%%%%%%%%%%%%%%%%%%%%%%%%%%%%%%%%%%%%%%%%%%%%
%%% my
%%%%%%%%%%%%%%%%%%%%%%%%%%%%%%%%%%%%%%%%%%%%%%%%%%%%%%%%%%%%%%%%%%%%%%%%%%%%%%%%%%%%%
@article{Tamura:queen,
  author    = {田村直之 and 宋剛秀 and 番原睦則},
  title     = {{SAT} ソルバーの使い方 —問題を {SAT} に符号化する方法—},
  journal   = {第58回プログラミング・シンポジウム予稿集},
  organization = {第58回プログラミング・シンポジウム},
  volume    = {109},
  year      = {2017},
  pages     = {165--172}
}

@article{Ono19:ai,
  author    = {大野周亮 and 番原睦則 and 宋剛秀 and 田村直之},
  title     = {alldifferent制約のブール基数制約への符号化手法の提案とクイーングラフ彩色問題への応用},
  journal   = {人工知能基本問題研究会},
  organization = {人工知能学会},
  volume    = {109},
  year      = {2019},
  pages     = {6--11}
}

@article{Umemura10:jssst,
  author    = {梅村晃広},
  title     = {{SMT}ソルバ・{SMT}ソルバの技術と応用},
  journal   = {コンピュータソフトウェア},
  year      = {2010},
  volume    = {27},
  pages     = {24--35},
  number    = {3}
}
