%%%%%%%%%%%%%%%%%%%%%%%%%%%%%%%%%%%%%%%%%%%%%%%%%%%%%%%%%%%%%%%%%%%%%%%%%%%%%%%%%%%%%
%%% CoRe
%%%%%%%%%%%%%%%%%%%%%%%%%%%%%%%%%%%%%%%%%%%%%%%%%%%%%%%%%%%%%%%%%%%%%%%%%%%%%%%%%%%%%

@article{Ito18:tohoku,
  author    = {伊藤 健洋},
  title     = {組合せ遷移への招待},
  journal   = {電子情報通信学会誌},
  year      = {2018},
  volume    = {101},
  pages     = {288-292},
  number    = {3},
  yomi      = {Takehiro Ito}
}

@article{CHM2011:JGT,
  author          = {Luis Cereceda and Jan van den Heuvel, Matthew Johnso},
  title           = {Finding Paths Between 3-Colourings},
  journal         = {Journal of Graph Theory},
  volume          = {67},
  number          = {1},
  pages           = {69-82},
  year            = {2011}
}

@article{BC2009:tcs,
  author          = {Paul Bonsma and Luis Cereceda},
  title           = {Finding Paths between graph colourings: PSPACE-completeness and
                    superpolynomial distances},
  journal         = {Theoretical Computer Science},
  volume          = {410},
  number          = {50},
  pages           = {5215-5226},
  year            = {2009}
}

@article{Kuriyama13:ieice,
author="徳山 豪",
title="計算限界解明の意義 : 現代の鳥瞰 (小特集 計算限界の解明への多面的アプローチ : P vs NPに向けた最前線)",
journal="電子情報通信学会誌 : The Journal of the Institute of Electronics, Information and Communication Engineers",
ISSN="0913-5693",
publisher="一般社団法人電子情報通信学会",
year="2013",
volume="96",
number="9",
pages="672-674",
URL="https://ci.nii.ac.jp/naid/110009660607/",
DOI="",
yomi = "takeshi tokuyama"
}

%%%%%%%%%%%%%%%%%%%%%%%%%%%%%%%%%%%%%%%%%%%%%%%%%%%%%%%%%%%%%%%%%%%%%%%%%%%%%%%%%%%%%
%%% ASP
%%%%%%%%%%%%%%%%%%%%%%%%%%%%%%%%%%%%%%%%%%%%%%%%%%%%%%%%%%%%%%%%%%%%%%%%%%%%%%%%%%%%%
@book{Baral03:cambridge,
  author    = {Chitta Baral},
  title     = {Knowledge Representation, Reasoning and Declarative Problem Solving},
  publisher = {Cambridge University Press},
  year      = {2003}
}

@inproceedings{Gelfond88:iclp,
  author    = {Michael Gelfond and Vladimir Lifschitz},
  title     = {The Stable Model Semantics for Logic Programming},
  booktitle = {Proceedings of the Fifth International Conference and Symposium on Logic Programming},
  year      = {1988},
  pages     = {1070--1080},
  publisher = {MIT Press}
}

@article{Niemela99:amai,
  author    = {Ilkka Niemel{\"a}},
  title     = {Logic Programs with Stable Model Semantics as a Constraint Programming Paradigm},
  journal   = {Ann.\ Mathematics and Artificial Intelligence},
  volume    = {25},
  number    = {3--4},
  year      = {1999},
  pages     = {241--273}
}

@article{Inoue08:jssst,
  author    = {井上 克巳 and 坂間 千秋},
  title     = {論理プログラミングから解集合プログラミングへ},
  journal   = {コンピュータソフトウェア},
  year      = {2008},
  volume    = {25},
  pages     = {20--32},
  number    = {3},
  timestamp = {2009.11.05},
  yomi      = {Katsumi Inoue and Chiaki Sakama}
}

@article{Erdem16:AI,
  author    = {E. Erdem and M. Gelfond and N. Leone},
  title     = {Applications of ASP},
  journal   = {AI Magazine},
  volume    = {37},
  number    = {3},
  year      = {2016},
  pages     = {53--68}
}

%%%%%%%%%%%%%%%%%%%%%%%%%%%%%%%%%%%%%%%%%%%%%%%%%%%%%%%%%%%%%%%%%%%%%%%%%%%%%%%%%%%%%
%%% SAT
%%%%%%%%%%%%%%%%%%%%%%%%%%%%%%%%%%%%%%%%%%%%%%%%%%%%%%%%%%%%%%%%%%%%%%%%%%%%%%%%%%%%%
@Book{Knuth:TAOCP:SAT,
  Title                    = {Satisfiability},
  Author                   = {Donald E. Knuth},
  Publisher                = {Addison-Wesley Professional},
  Year                     = {2015},
  Series                   = {The Art of Computer Programming},
  Volume                   = {4, Fascicle 6}
}