%%%%%%%%%%%%%%%%%%%%%%%%%%%%%%%%%%%%%%%%%%%%%%%%%%%%%%%%%%%%%%%%%%%%%%%%%%%%%%%%%%%%%
%%% OVM
%%%%%%%%%%%%%%%%%%%%%%%%%%%%%%%%%%%%%%%%%%%%%%%%%%%%%%%%%%%%%%%%%%%%%%%%%%%%%%%%%%%%%

@book{Pohl05:sple,
  Author    = {Klaus Pohl and Guenter Boeckle and Frank J. van der Linden},
  Title = {Software Product Line Engineering: Foundations, Principles and Techniques},
  Year      = {2005}
}