%%%%%%%%%%%%%%%%%%%%%%%%%%%%%%%%%%%%%%%%%%%%%%%%%%%%%%%%%%%%%%%%%%%%%%%%%%%%%%%%%%%%%
%%% ASP
%%%%%%%%%%%%%%%%%%%%%%%%%%%%%%%%%%%%%%%%%%%%%%%%%%%%%%%%%%%%%%%%%%%%%%%%%%%%%%%%%%%%%
@book{Baral03:cambridge,
  author    = {Chitta Baral},
  title     = {Knowledge Representation, Reasoning and Declarative Problem Solving},
  publisher = {Cambridge University Press},
  year      = {2003}
}

@article{ASPAISAT,
  author    = {E. Erdem and M. Gelfond and N. Leone},
  title     = {Applications of ASP},
  journal   = {AI Magazine},
  volume    = {37},
  number    = {3},
  year      = {2016},
  pages     = {53--68}
}

@inproceedings{Gelfond88:iclp,
  author    = {Michael Gelfond and Vladimir Lifschitz},
  title     = {The Stable Model Semantics for Logic Programming},
  booktitle = {Proceedings of the Fifth International Conference and Symposium on Logic Programming},
  year      = {1988},
  pages     = {1070--1080},
  publisher = {MIT Press}
}

@article{Niemela99:amai,
  author    = {Ilkka Niemel{\"a}},
  title     = {Logic Programs with Stable Model Semantics as a Constraint Programming Paradigm},
  journal   = {Ann.\ Mathematics and Artificial Intelligence},
  volume    = {25},
  number    = {3--4},
  year      = {1999},
  pages     = {241--273}
}

@article{Inoue08:jssst,
  author    = {井上 克巳 and 坂間 千秋},
  title     = {論理プログラミングから解集合プログラミングへ},
  journal   = {コンピュータソフトウェア},
  year      = {2008},
  volume    = {25},
  pages     = {20--32},
  number    = {3},
  timestamp = {2009.11.05},
  yomi      = {Katsumi Inoue and Chiaki Sakama}
}

%%%%%%%%%%%%%%%%%%%%%%%%%%%%%%%%%%%%%%%%%%%%%%%%%%%%%%%%%%%%%%%%%%%%%%%%%%%%%%%%%%%%%
%%% SAT
%%%%%%%%%%%%%%%%%%%%%%%%%%%%%%%%%%%%%%%%%%%%%%%%%%%%%%%%%%%%%%%%%%%%%%%%%%%%%%%%%%%%%
@Book{Knuth:TAOCP:SAT,
  Title                    = {Satisfiability},
  Author                   = {Donald E. Knuth},
  Publisher                = {Addison-Wesley Professional},
  Year                     = {2015},
  Series                   = {The Art of Computer Programming},
  Volume                   = {4, Fascicle 6}
}

%%%%%%%%%%%%%%%%%%%%%%%%%%%%%%%%%%%%%%%%%%%%%%%%%%%%%%%%%%%%%%%%%%%%%%%%%%%%%%%%%%%%%
%%% 配電網
%%%%%%%%%%%%%%%%%%%%%%%%%%%%%%%%%%%%%%%%%%%%%%%%%%%%%%%%%%%%%%%%%%%%%%%%%%%%%%%%%%%%%
@article{Hayashi:dnet:model,
  author    = "林 泰弘 and 川崎 章司 and 松木 純也 and 松田 浩明 and 酒井 重和 and 宮崎 輝 and 小林 直樹",
  title     = "分散型電源連系配電ネットワークの標準解析モデルの構築とネットワーク構成候補の多面的評価手法の開発",
  journal   = "電気学会論文誌",
  publisher = "電気学会",
  year      = "2006",
  month     = "oct",
  volume    = "126",
  number    = "10",
  pages     = "1013-1022",
  DOI       = "10.1541/ieejpes.126.1013",
  yomi      = {Yasuhiro Hayashi and Shoji Kawasaki and Junya Matsuki and Hiroaki Matsuda and Shigekazu Sakai and Teru Miyazaki and Naoki Kobayashi}
}

@article{Minato:dnet:ZDD,
  author    = "井上 武 and 高野 圭司 and 渡辺 喬之 and 川原 純 and 吉仲 亮 and 岸本 章宏 and 津田 宏治 and 湊 真一 and 林 泰弘",
  title     = "フロンティア法による電力網構成制御",
  journal   = "オペレーションズ・リサーチ",
  publisher = "日本オペレーションズ・リサーチ学会",
  year      = "2012",
  month     = "nov",
  volume    = "57",
  number    = "11",
  pages     = "610-615",
  yomi      = {Takeru Inoue and Keiji Takano and Takayuki Watanabe Takayuki and Jun Kawahara and Ryo Yoshinaka and Akihiro Kishimoto and Koji Tsuda and Shinnichi Minato and Yasuhiro Hayashi}
}

@article{Minato:dnet:netuki,
  author    = "川原 純 and 湊 真一",
  title     = "グラフ列挙索引化技法の種々の問題への適用",
  journal   = "オペレーションズ・リサーチ",
  publisher = "日本オペレーションズ・リサーチ学会",
  year      = "2012",
  month     = "nov",
  volume    = "57",
  number    = "11",
  pages     = "604-609",
  yomi      = {Jun Kawahara and Shinnichi Minato}
}

@ARTICLE{BarWu89, 
  author  = {M. E. {Baran} and F. F. {Wu}}, 
  journal = {IEEE Transactions on Power Delivery}, 
  title   = {Network reconfiguration in distribution systems for loss reduction and load balancing}, 
  year    = {1989}, 
  month   = {April},
  volume  = {4}, 
  number  = {2}, 
  pages   = {1401-1407}, 
  doi     = {10.1109/61.25627}, 
  ISSN    = {1937-4208}
}

@ARTICLE{ChiJum90, 
  author  = {H. -D. {Chiang} and R. {Jean-Jumeau}},
  journal = {IEEE Transactions on Power Delivery}, 
  title   = {Optimal network reconfigurations in distribution systems. I. A new formulation and a solution methodology},
  year    = {1990}, 
  month   = {Oct},
  volume  = {5},
  number  = {4}, 
  pages   = {1902-1909}, 
  doi     = {10.1109/61.103687}, 
  ISSN    = {1937-4208}
}

@article{DBLP:journals/tsg/InoueTWKYKTMH14,
  author    = {Takeru Inoue and
               Keiji Takano and
               Takayuki Watanabe and
               Jun Kawahara and
               Ryo Yoshinaka and
               Akihiro Kishimoto and
               Koji Tsuda and
               Shin{-}ichi Minato and
               Yasuhiro Hayashi},
  title     = {Distribution Loss Minimization With Guaranteed Error Bound},
  journal   = {{IEEE} Trans. Smart Grid},
  volume    = {5},
  number    = {1},
  pages     = {102--111},
  year      = {2014},
  url       = {https://doi.org/10.1109/TSG.2013.2288976},
  doi       = {10.1109/TSG.2013.2288976}
}

%%%%%%%%%%%%%%%%%%%%%%%%%%%%%%%%%%%%%%%%%%%%%%%%%%%%%%%%%%%%%
% ASP application
%%%%%%%%%%%%%%%%%%%%%%%%%%%%%%%%%%%%%%%%%%%%%%%%%%%%%%%%%%%%%
@article{DBLP:journals/anor/BanbaraIKOSSTW19,
  author    = {Mutsunori Banbara and
               Katsumi Inoue and
               Benjamin Kaufmann and
               Tenda Okimoto and
               Torsten Schaub and
               Takehide Soh and
               Naoyuki Tamura and
               Philipp Wanko},
  title     = {teaspoon : solving the curriculum-based course timetabling problems
               with answer set programming},
  journal   = {Ann. Oper. Res.},
  volume    = {275},
  number    = {1},
  pages     = {3--37},
  year      = {2019},
  doi       = {10.1007/s10479-018-2757-7}
}

@article{DBLP:journals/tplp/BanbaraKOS17,
  author    = {Mutsunori Banbara and
               Benjamin Kaufmann and
               Max Ostrowski and
               Torsten Schaub},
  title     = {Clingcon: The next generation},
  journal   = {Theory Pract. Log. Program.},
  volume    = {17},
  number    = {4},
  pages     = {408--461},
  year      = {2017},
  doi       = {10.1017/S1471068417000138}
}
