%%%%%%%%%%%%%%%%%%%%%%%%%%%%%%%%%%%%%%%%%%%%%%%%%%%%%%%%%%%%%%%%%%%%%%%%%%%%%%%%%%%%%
%%% ASP
%%%%%%%%%%%%%%%%%%%%%%%%%%%%%%%%%%%%%%%%%%%%%%%%%%%%%%%%%%%%%%%%%%%%%%%%%%%%%%%%%%%%%
@book{Baral03:cambridge,
  author    = {Chitta Baral},
  title     = {Knowledge Representation, Reasoning and Declarative Problem Solving},
  publisher = {Cambridge University Press},
  year      = {2003}
}

@inproceedings{Gelfond88:iclp,
  author    = {Michael Gelfond and Vladimir Lifschitz},
  title     = {The Stable Model Semantics for Logic Programming},
  booktitle = {Proceedings of the Fifth International Conference and Symposium on Logic Programming},
  year      = {1988},
  pages     = {1070--1080},
  publisher = {MIT Press}
}

@article{Niemela99:amai,
  author    = {Ilkka Niemel{\"a}},
  title     = {Logic Programs with Stable Model Semantics as a Constraint Programming Paradigm},
  journal   = {Ann.\ Mathematics and Artificial Intelligence},
  volume    = {25},
  number    = {3--4},
  year      = {1999},
  pages     = {241--273}
}

@article{Inoue08:jssst,
  author    = {井上 克巳 and 坂間 千秋},
  title     = {論理プログラミングから解集合プログラミングへ},
  journal   = {コンピュータソフトウェア},
  year      = {2008},
  volume    = {25},
  pages     = {20--32},
  number    = {3},
  timestamp = {2009.11.05},
  yomi      = {Katsumi Inoue and Chiaki Sakama}
}

@mastersthesis{yamamoto21,
  author    = {山本 敦史},
  title     = {クイーン支配問題の制約モデルの提案},
  school    = {神戸大学工学部情報知能工学科},
  year      = {2021}
}

%%%%%%%%%%%%%%%%%%%%%%%%%%%%%%%%%%%%%%%%%%%%%%%%%%%%%%%%%%%%%%%%%%%%%%%%%%%%%%%%%%%%%
%%% SAT
%%%%%%%%%%%%%%%%%%%%%%%%%%%%%%%%%%%%%%%%%%%%%%%%%%%%%%%%%%%%%%%%%%%%%%%%%%%%%%%%%%%%%
@Book{Knuth:TAOCP:SAT,
  Title                    = {Satisfiability},
  Author                   = {Donald E. Knuth},
  Publisher                = {Addison-Wesley Professional},
  Year                     = {2015},
  Series                   = {The Art of Computer Programming},
  Volume                   = {4, Fascicle 6}
}
